@article{Bas2019AProcess,
    title = {{A Brief Introduction to Point Process, Counting Process, Renewal Process, Regenerative Process, Poisson Process}},
    year = {2019},
    journal = {Basics of Probability and Stochastic Processes},
    author = {Bas, Esra},
    pages = {131--147},
    publisher = {Springer International Publishing},
    doi = {10.1007/978-3-030-32323-3{\_}9}
}

@article{Kim2017AVariables,
    title = {{A Review of Dynamic Network Models with Latent Variables}},
    year = {2017},
    journal = {Statistics Surveys},
    author = {Kim, Bomin and Lee, Kevin and Xue, Lingzhou and Niu, Xiaoyue},
    month = {11},
    pages = {105--135},
    volume = {12},
    publisher = {Institute of Mathematical Statistics},
    url = {https://arxiv.org/abs/1711.10421v2},
    arxivId = {1711.10421},
    keywords = {Dynamic networks, Latent space model, Latent variable model, Social network analysis, Stochastic blockmodel}
}

@article{KimAVariables,
    title = {{A review of dynamic network models with latent variables}},
    author = {Kim, Bomin and Lee, Kevin H and Xue, Lingzhou and Niu, Xiaoyue},
    doi = {10.1214/18-SS121},
    keywords = {Dynamic networks, latent space model, latent variable model, social network analysis, stochastic blockmodel}
}

@article{SarkarDynamicModels,
    title = {{Dynamic Social Network Analysis using Latent Space Models}},
    author = {Sarkar, Purnamrita and Moore, Andrew W}
}

@article{TrivediDYREP:GRAPHS,
    title = {{DYREP: LEARNING REPRESENTATIONS OVER DYNAMIC GRAPHS}},
    author = {Trivedi, Rakshit and Farajtabar, Mehrdad and Biswal, Prasenjeet and Zha, Hongyuan}
}

@article{Ross2013GeneratingVariables,
    title = {{Generating Continuous Random Variables}},
    year = {2013},
    journal = {Simulation},
    author = {Ross, Sheldon},
    pages = {69--96},
    publisher = {Elsevier},
    doi = {10.1016/B978-0-12-415825-2.00005-X}
}

@article{Sarkar2012NonparametricNetworks,
    title = {{Nonparametric Link Prediction in Dynamic Networks}},
    year = {2012},
    author = {Sarkar, Purnamrita and Chakrabarti, Deepayan and Jordan, Michael I}
}

@misc{PoissonScience,
    title = {{Poisson Process and Poisson Distribution in real-life: modeling peak times at an ice cream shop | by Carolina Bento | Towards Data Science}},
    url = {https://towardsdatascience.com/poisson-process-and-poisson-distribution-in-real-life-modeling-peak-times-at-an-ice-cream-shop-b61b74fb812}
}

@article{ZhaoT-GCN:Prediction,
    title = {{T-GCN: A Temporal Graph Convolutional Network for Traffic Prediction}},
    author = {Zhao, Ling and Song, Yujiao and Zhang, Chao and Liu, Yu and Wang, Pu and Lin, Tao and Deng, Min and Li, Haifeng},
    url = {https://github.com/lehaifeng/T-GCN.},
    isbn = {1811.05320v3},
    arxivId = {1811.05320v3},
    keywords = {Index Terms-Traffic forecasting, Temporal Graph Convolutional Network (T-GCN), spatial dependence, temporal dependence}
}

@article{RossiTEMPORALGRAPHS,
    title = {{TEMPORAL GRAPH NETWORKS FOR DEEP LEARNING ON DYNAMIC GRAPHS}},
    author = {Rossi, Emanuele and Chamberlain, Ben and Fabrizio, Twitter and Twitter, Frasca and Twitter, Davide Eynard and Monti, Federico and Bronstein Twitter, Michael},
    arxivId = {2006.10637v3}
}