@misc{12.Documentation,
    title = {{12. Virtual Environments and Packages — Python 3.8.3 documentation}},
    url = {https://docs.python.org/3/tutorial/venv.html}
}

@misc{AVICE,
    title = {{A Site Faking Jordan Peterson's Voice Shuts Down After Peterson Decries Deepfakes - VICE}},
    url = {https://www.vice.com/en_us/article/43kwgb/not-jordan-peterson-voice-generator-shut-down-deepfakes}
}

@article{Ocal2019AdversariallyConversion,
    title = {{Adversarially Trained Autoencoders for Parallel-Data-Free Voice Conversion}},
    year = {2019},
    author = {Ocal, Orhan},
    url = {https://findit.dtu.dk/en/catalog/2447101689}
}

@misc{AIInstitute,
    title = {{AI Principles - Future of Life Institute}},
    url = {https://futureoflife.org/ai-principles/?cn-reloaded=1}
}

@article{Arzu2014AnDialect,
    title = {{An Effect on Cultural Identity: Dialect}},
    year = {2014},
    journal = {Procedia - Social and Behavioral Sciences},
    author = {Arzu, Altugan and Issa, Tozun},
    month = {8},
    pages = {555--562},
    volume = {143},
    publisher = {Elsevier BV},
    doi = {10.1016/j.sbspro.2014.07.435},
    issn = {18770428}
}

@misc{AnClassification,
    title = {{An Intuitive Explanation of Connectionist Temporal Classification}},
    url = {https://towardsdatascience.com/intuitively-understanding-connectionist-temporal-classification-3797e43a86c}
}

@misc{AnExplained,
    title = {{An Overview of Normalization Methods in Deep Learning | Machine Learning Explained}},
    url = {https://mlexplained.com/2018/11/30/an-overview-of-normalization-methods-in-deep-learning/}
}

@techreport{HuangArbitraryNormalization,
    title = {{Arbitrary Style Transfer in Real-time with Adaptive Instance Normalization}},
    author = {Huang, Xun and Belongie, Serge},
    arxivId = {1703.06868v2}
}

@article{Morise2015CheapTrickSynthesis,
    title = {{CheapTrick, a spectral envelope estimator for high-quality speech synthesis}},
    year = {2015},
    journal = {Speech Communication},
    author = {Morise, Masanori},
    month = {3},
    pages = {1--7},
    volume = {67},
    publisher = {Elsevier},
    doi = {10.1016/j.specom.2014.09.003},
    issn = {01676393},
    keywords = {Spectral envelope, Speech analysis, Speech synthesis, Time-varying component}
}

@misc{CMUSphinxProjectCMUSphinxRecognition,
    title = {{CMUSphinx Open Source Speech Recognition}},
    author = {{CMUSphinx Project}},
    url = {https://cmusphinx.github.io/}
}

@misc{MozillaCommonVoice,
    title = {{Common Voice}},
    author = {{Mozilla}},
    url = {https://voice.mozilla.org/en/about}
}

@misc{ConnectionistWikipedia,
    title = {{Connectionist temporal classification - Wikipedia}},
    url = {https://en.wikipedia.org/wiki/Connectionist_temporal_classification}
}

@article{Rebryk2020ConVoice:Network,
    title = {{ConVoice: Real-Time Zero-Shot Voice Style Transfer with Convolutional{\\\}  Network}},
    year = {2020},
    author = {Rebryk, Yurii},
    url = {https://findit.dtu.dk/en/catalog/2547434088}
}

@misc{CSTRCorpus,
    title = {{CSTR VCTK Corpus}},
    url = {https://homepages.inf.ed.ac.uk/jyamagis/page3/page58/page58.html}
}

@misc{DanSpeechDocumentation,
    title = {{DanSpeech 1.0.0 documentation}},
    url = {https://danspeech.github.io/danspeech/html/index.html}
}

@misc{danspeechDanspeechGitHub,
    title = {{danspeech {\textperiodcentered} GitHub}},
    author = {{danspeech}},
    url = {https://github.com/danspeech}
}

@misc{DanSpeechsDocumentation,
    title = {{DanSpeech’s Documentation — DanSpeech 1.0.0 documentation}},
    url = {https://danspeech.github.io/danspeech/html/index.html}
}

@article{Amodei2015DeepMandarin,
    title = {{Deep Speech 2: End-to-End Speech Recognition in English and Mandarin}},
    year = {2015},
    author = {Amodei, Dario},
    url = {https://findit.dtu.dk/en/catalog/2289647626}
}

@misc{DeepfakesPrepared.,
    title = {{Deepfakes Are Going To Wreak Havoc On Society. We Are Not Prepared.}},
    url = {https://www.forbes.com/sites/robtoews/2020/05/25/deepfakes-are-going-to-wreak-havoc-on-society-we-are-not-prepared/#32b1bc287494}
}

@techreport{WangDeepSonar:Voices,
    title = {{DeepSonar: Towards Effective and Robust Detection of AI-Synthesized Fake Voices}},
    author = {Wang, Run and Juefei-Xu, Felix and Huang, Yihao and Guo, China Qing and Xie, Xiaofei and Ma, Lei and Liu, Yang},
    url = {https://arxiv.org/pdf/2005.13770.pdf},
    arxivId = {2005.13770v2}
}

@article{Huang2020DefendingConversion,
    title = {{Defending Your Voice: Adversarial Attack on Voice Conversion}},
    year = {2020},
    author = {Huang, Chien-yu},
    url = {https://findit.dtu.dk/en/catalog/2547435043}
}

@misc{Defudger,
    title = {{Defudger}},
    url = {https://defudger.com/#team}
}

@misc{Defudgerb,
    title = {{Defudger}},
    url = {https://defudger.com/#team}
}

@techreport{KayserDenoisingRecognition,
    title = {{Denoising Convolutional Autoencoders for Noisy Speech Recognition}},
    author = {Kayser, Mike and Zhong, Victor}
}

@misc{CambridgeDIALECTDictionary,
    title = {{DIALECT | meaning in the Cambridge English Dictionary}},
    author = {{Cambridge}},
    url = {https://dictionary.cambridge.org/dictionary/english/dialect}
}

@misc{DisentangledDeepAI,
    title = {{Disentangled Representation Learning Definition | DeepAI}},
    url = {https://deepai.org/machine-learning-glossary-and-terms/disentangled-representation-learning}
}

@inproceedings{Morise2009FastSpeech,
    title = {{Fast and reliable F0 estimation method based on the period extraction of vocal fold vibration of singing voice and speech}},
    year = {2009},
    booktitle = {Proceedings of the AES International Conference},
    author = {Morise, Masanori and Kawahara, Hideki and Katayose, Haruhiro}
}

@misc{FraudstersWSJ,
    title = {{Fraudsters Used AI to Mimic CEO’s Voice in Unusual Cybercrime Case - WSJ}},
    url = {https://www.wsj.com/articles/fraudsters-use-ai-to-mimic-ceos-voice-in-unusual-cybercrime-case-11567157402}
}

@article{Goodfellow2014GenerativeNetworks,
    title = {{Generative Adversarial Networks}},
    year = {2014},
    author = {Goodfellow, Ian J. and Pouget-Abadie, Jean and Mirza, Mehdi and Xu, Bing and Warde-Farley, David and Ozair, Sherjil and Courville, Aaron and Bengio, Yoshua},
    month = {6},
    url = {http://arxiv.org/abs/1406.2661},
    arxivId = {1406.2661}
}

@misc{CMUSphinxProjectGitHubDesktop,
    title = {{GitHub - cmusphinx/pocketsphinx: PocketSphinx is a lightweight speech recognition engine, specifically tuned for handheld and mobile devices, though it works equally well on the desktop}},
    author = {{CMUSphinx Project}},
    url = {https://github.com/cmusphinx/pocketsphinx}
}

@misc{GitHubNetworks,
    title = {{GitHub - liusongxiang/StarGAN-Voice-Conversion: This is a pytorch implementation of the paper: StarGAN-VC: Non-parallel many-to-many voice conversion with star generative adversarial networks}},
    url = {https://github.com/liusongxiang/StarGAN-Voice-Conversion}
}

@misc{IEEEPDF:,
    title = {{IEEE Xplore Full-Text PDF:}},
    url = {https://ieeexplore-ieee-org.proxy.findit.dtu.dk/stamp/stamp.jsp?tp=&arnumber=8873418}
}

@techreport{Sanghamitra2018IncorporatingTechniques,
    title = {{Incorporating Dialectal Features in Synthesized Speech using Voice Conversion Techniques}},
    year = {2018},
    booktitle = {International Journal of Computer Applications},
    author = {Sanghamitra, Nath and Utpal, Sharma},
    number = {19},
    pages = {975--8887},
    volume = {180},
    url = {http://www.lmp.ucla.edu/Profile.aspx?menu=004&LangID=83},
    keywords = {Assamese, Dialect, Duration, F0, Formants, Gaussian Mixture Models, Gaussian mixture models, General Terms Dialect Synthesis, Intensity, Mel Cepstral Coefficients, Nalbaria, Pitch, Text-to-Speech System, Text-to-Speech System Keywords Voice Conversion, Voice Conversion}
}

@article{Ulyanov2016InstanceStylization,
    title = {{Instance Normalization: The Missing Ingredient for Fast Stylization}},
    year = {2016},
    author = {Ulyanov, Dmitry and Vedaldi, Andrea and Lempitsky, Victor},
    month = {7},
    url = {http://arxiv.org/abs/1607.08022},
    arxivId = {1607.08022}
}

@techreport{UlyanovInstanceStylization,
    title = {{Instance Normalization: The Missing Ingredient for Fast Stylization}},
    author = {Ulyanov, Dmitry and Vedaldi, Andrea and Lempitsky, Victor},
    url = {https://arxiv.org/abs/1701.02096.},
    arxivId = {1607.08022v3}
}

@misc{IntuitiveScience,
    title = {{Intuitive Guide to Understanding KL Divergence - Towards Data Science}},
    url = {https://towardsdatascience.com/light-on-math-machine-learning-intuitive-guide-to-understanding-kl-divergence-2b382ca2b2a8}
}

@misc{IntuitivelyScience,
    title = {{Intuitively Understanding Variational Autoencoders - Towards Data Science}},
    url = {https://towardsdatascience.com/intuitively-understanding-variational-autoencoders-1bfe67eb5daf}
}

@misc{JiwerPyPI,
    title = {{jiwer {\textperiodcentered} PyPI}},
    url = {https://pypi.org/project/jiwer/}
}

@misc{Librosa,
    title = {{Librosa}},
    url = {https://librosa.github.io/}
}

@misc{McNemarsMlxtend,
    title = {{McNemar's Test - mlxtend}},
    url = {http://rasbt.github.io/mlxtend/user_guide/evaluate/mcnemar/}
}

@misc{McNemarsStatistics,
    title = {{McNemar's test in SPSS Statistics - Procedure, output and interpretation of the output using a relevant example | Laerd Statistics}},
    url = {https://statistics.laerd.com/spss-tutorials/mcnemars-test-using-spss-statistics.php}
}

@misc{MeanTopics,
    title = {{Mean Opinion Score - an overview | ScienceDirect Topics}},
    url = {https://www.sciencedirect.com/topics/engineering/mean-opinion-score}
}

@misc{NewVICE,
    title = {{New Deepfake Method Can Put Words In Anyone's Mouth - VICE}},
    url = {https://www.vice.com/en_us/article/g5xvk7/researchers-created-a-way-to-make-realistic-deepfakes-from-audio-clips}
}

@misc{NSTSprakbanken,
    title = {{NST Dansk ATG-database (16 kHz) – Spr{\aa}kbanken}},
    url = {https://www.nb.no/sprakbanken/ressurskatalog/oai-nb-no-sbr-19/}
}

@article{Chou2019One-shotNormalization,
    title = {{One-shot Voice Conversion by Separating Speaker and Content Representations with Instance Normalization}},
    year = {2019},
    author = {Chou, Ju-chieh and Yeh, Cheng-chieh and Lee, Hung-yi},
    month = {4},
    url = {http://arxiv.org/abs/1904.05742},
    arxivId = {1904.05742}
}

@techreport{ChouOne-shotNormalization,
    title = {{One-shot Voice Conversion by Separating Speaker and Content Representations with Instance Normalization}},
    author = {Chou, Ju-Chieh and Yeh, Cheng-Chieh and Lee, Hung-Yi},
    url = {https://github.com/jjery2243542/},
    arxivId = {1904.05742v4},
    keywords = {Index Terms: Voice conversion, disentangled representations, generative model}
}

@inproceedings{Toda2007One-to-ManyEigenvoices,
    title = {{One-to-Many and Many-to-One Voice Conversion Based on Eigenvoices}},
    year = {2007},
    booktitle = {2007 IEEE International Conference on Acoustics, Speech and Signal Processing - ICASSP '07},
    author = {Toda, Tomoki and Ohtani, Yamato and Shikano, Kiyohiro},
    month = {4},
    pages = {IV-1249-IV-1252},
    volume = {4},
    publisher = {IEEE},
    url = {https://ieeexplore.ieee.org/document/4218334/},
    isbn = {1-4244-0727-3},
    doi = {10.1109/ICASSP.2007.367303},
    issn = {15206149}
}

@article{Kaneko2017Parallel-Data-FreeNetworks,
    title = {{Parallel-Data-Free Voice Conversion Using Cycle-Consistent Adversarial Networks}},
    year = {2017},
    author = {Kaneko, Takuhiro and Kameoka, Hirokazu},
    month = {11},
    url = {https://arxiv.org/abs/1711.11293},
    arxivId = {1711.11293}
}

@article{Monka2015PlaceDenmark,
    title = {{Place and dialect levelling in Denmark}},
    year = {2015},
    journal = {Locating Language},
    author = {Monka, Malene},
    url = {https://curis.ku.dk/ws/files/157953468/Abstract_Ohio_Place_and_dialect_leveling_in_Denmark_pdf.pdf}
}

@misc{PyTorchPyTorch,
    title = {{PyTorch}},
    author = {{PyTorch}},
    url = {https://pytorch.org/}
}

@misc{PyTorch,
    title = {{PyTorch}},
    url = {https://pytorch.org/}
}

@misc{PyworldPyPI,
    title = {{pyworld {\textperiodcentered} PyPI}},
    url = {https://pypi.org/project/pyworld/}
}

@misc{PyworldPyPIb,
    title = {{pyworld {\textperiodcentered} PyPI}},
    url = {https://pypi.org/project/pyworld/}
}

@article{2014ScienceDirect,
    title = {{ScienceDirect}},
    year = {2014},
    url = {www.sciencedirect.com},
    doi = {10.1016/j.sbspro.2014.07.435}
}

@article{Zhang2018Sequence-to-SequenceConversion,
    title = {{Sequence-to-Sequence Acoustic Modeling for Voice Conversion}},
    year = {2018},
    author = {Zhang, Jing-Xuan and Ling, Zhen-Hua and Liu, Li-Juan and Jiang, Yuan and Dai, Li-Rong},
    month = {10},
    url = {http://arxiv.org/abs/1810.06865 http://dx.doi.org/10.1109/TASLP.2019.2892235},
    doi = {10.1109/TASLP.2019.2892235},
    arxivId = {1810.06865}
}

@incollection{Manaswi2018SpeechVersa,
    title = {{Speech to Text and Vice Versa}},
    year = {2018},
    booktitle = {Deep Learning with Applications Using Python},
    author = {Manaswi, Navin Kumar},
    pages = {127--144},
    publisher = {Apress},
    url = {http://link.springer.com/10.1007/978-1-4842-3516-4_10},
    address = {Berkeley, CA},
    isbn = {9781484235164},
    doi = {10.1007/978-1-4842-3516-4{\_}10}
}

@article{Kameoka2018StarGAN-VC:Networks,
    title = {{StarGAN-VC: Non-parallel many-to-many voice conversion with star generative adversarial networks}},
    year = {2018},
    author = {Kameoka, Hirokazu and Kaneko, Takuhiro and Tanaka, Kou and Hojo, Nobukatsu},
    month = {6},
    url = {https://arxiv.org/abs/1806.02169},
    arxivId = {1806.02169}
}

@techreport{ChoiStarGAN:Translation,
    title = {{StarGAN: Unified Generative Adversarial Networks for Multi-Domain Image-to-Image Translation}},
    author = {Choi, Yunjey and Choi, Minje and Kim, Munyoung and Ha, Jung-Woo and Kim, Sunghun and Choo, Jaegul},
    arxivId = {1711.09020v3}
}

@article{Kristiansen1998TheDialects,
    title = {{The Role of Standard Ideology in the Disappearance of the Traditional Danish Dialects}},
    year = {1998},
    journal = {Folia Linguistica},
    author = {Kristiansen, Tore},
    number = {1-2},
    volume = {32},
    url = {https://www.degruyter.com/view/j/flin.1998.32.issue-1-2/flin.1998.32.1-2.115/flin.1998.32.1-2.115.xml},
    doi = {10.1515/flin.1998.32.1-2.115},
    issn = {0165-4004}
}

@misc{Torch.utils.dataDocumentation,
    title = {{torch.utils.data — PyTorch master documentation}},
    url = {https://pytorch.org/docs/stable/data.html}
}

@article{Higgins2018TowardsRepresentations,
    title = {{Towards a Definition of Disentangled Representations}},
    year = {2018},
    author = {Higgins, Irina and Amos, David and Pfau, David and Racaniere, Sebastien and Matthey, Loic and Rezende, Danilo and Lerchner, Alexander},
    month = {12},
    url = {http://arxiv.org/abs/1812.02230},
    arxivId = {1812.02230}
}

@misc{Spinner2018TowardsAutoencoders,
    title = {{Towards an Interpretable Latent Space – An Intuitive Comparison of Autoencoders with Variational Autoencoders}},
    year = {2018},
    author = {Spinner, Thilo and K{\"{o}}rner, Jonas and G{\"{o}}rtler, Jochen and Deussen, Oliver},
    month = {10},
    pages = {1},
    keywords = {artificial intelligence, autoencoder, explainable artificial intelligence, generative model, latent space, machine learning, variational autoencoder, visualization}
}

@techreport{Doersch2016TutorialAutoencoders,
    title = {{Tutorial on Variational Autoencoders}},
    year = {2016},
    author = {Doersch, Carl},
    arxivId = {1606.05908v2},
    keywords = {neural networks, structured prediction, unsupervised learning, variational autoencoders}
}

@misc{TutorialScience,
    title = {{Tutorial on Variational Graph Auto-Encoders - Towards Data Science}},
    url = {https://towardsdatascience.com/tutorial-on-variational-graph-auto-encoders-da9333281129}
}

@misc{UnderstandingScience,
    title = {{Understanding Variational Autoencoders (VAEs) - Towards Data Science}},
    url = {https://towardsdatascience.com/understanding-variational-autoencoders-vaes-f70510919f73}
}

@misc{VariationalBlog,
    title = {{Variational Autoencoder: Intuition and Implementation - Agustinus Kristiadi's Blog}},
    url = {https://wiseodd.github.io/techblog/2016/12/10/variational-autoencoder/}
}

@misc{VariationalAutoencoders.,
    title = {{Variational autoencoders.}},
    url = {https://www.jeremyjordan.me/variational-autoencoders/}
}

@incollection{Nurminen2012VoiceConversion,
    title = {{Voice Conversion}},
    year = {2012},
    booktitle = {Speech Enhancement, Modeling and Recognition- Algorithms and Applications},
    author = {Nurminen, Jani and Siln, Hanna and Popa, Victor and Helander, Elina and Gabbouj, Moncef},
    month = {3},
    publisher = {InTech},
    doi = {10.5772/37334}
}

@inproceedings{Liu2018VoiceUtterance,
    title = {{Voice Conversion Across Arbitrary Speakers Based on a Single Target-Speaker Utterance}},
    year = {2018},
    booktitle = {Interspeech 2018},
    author = {Liu, Songxiang and Zhong, Jinghua and Sun, Lifa and Wu, Xixin and Liu, Xunying and Meng, Helen},
    month = {9},
    pages = {496--500},
    volume = {2018-},
    publisher = {ISCA},
    url = {http://www.isca-speech.org/archive/Interspeech_2018/abstracts/1504.html},
    address = {ISCA},
    isbn = {9781510872219},
    doi = {10.21437/Interspeech.2018-1504},
    issn = {19909772}
}

@inproceedings{Buddhika2018Voicer:Collection,
    title = {{Voicer: A Crowd Sourcing Tool for Speech Data Collection}},
    year = {2018},
    booktitle = {2018 18th International Conference on Advances in ICT for Emerging Regions (ICTer)},
    author = {Buddhika, Darshana and Liyadipita, Ranula and Nadeeshan, Sudeepa and Witharana, Hasini and Jayasena, Sanath and Thayasivam, Uthayasanker},
    month = {9},
    pages = {174--181},
    publisher = {IEEE},
    url = {https://ieeexplore.ieee.org/document/8615521/},
    isbn = {978-1-5386-7352-2},
    doi = {10.1109/ICTER.2018.8615521},
    issn = {24727598}
}

@article{Oord2016WaveNet:Audio,
    title = {{WaveNet: A Generative Model for Raw Audio}},
    year = {2016},
    author = {Oord, Aaron van den},
    url = {https://arxiv.org/abs/1609.03499}
}

@techreport{VanDenOordWAVENET:AUDIO,
    title = {{WAVENET: A GENERATIVE MODEL FOR RAW AUDIO}},
    author = {Van Den Oord, Aäron and Dieleman, Sander and Zen, Heiga and Simonyan, Karen and Vinyals, Oriol and Graves, Alex and Kalchbrenner, Nal and Senior, Andrew and Kavukcuoglu, Koray},
    arxivId = {1609.03499v2}
}

@misc{WaveNet:DeepMind,
    title = {{WaveNet: A generative model for raw audio | DeepMind}},
    url = {https://deepmind.com/blog/article/wavenet-generative-model-raw-audio}
}

@misc{WhatWER,
    title = {{What is Word Error Rate (WER)?}},
    url = {https://blog.deepgram.com/what-is-word-error-rate/}
}

@article{MORISE2016WORLD:Applications,
    title = {{WORLD: A Vocoder-Based High-Quality Speech Synthesis System for Real-Time Applications}},
    year = {2016},
    journal = {IEICE Transactions on Information and Systems},
    author = {MORISE, Masanori and YOKOMORI, Fumiya and OZAWA, Kenji},
    number = {7},
    pages = {1877--1884},
    volume = {E99.D},
    url = {https://www.jstage.jst.go.jp/article/transinf/E99.D/7/E99.D_2015EDP7457/_article},
    doi = {10.1587/transinf.2015EDP7457},
    issn = {0916-8532}
}

@article{MORISE2016WORLD:Applicationsb,
    title = {{WORLD: A Vocoder-Based High-Quality Speech Synthesis System for Real-Time Applications}},
    year = {2016},
    journal = {IEICE Transactions on Information and Systems},
    author = {MORISE, Masanori and YOKOMORI, Fumiya and OZAWA, Kenji},
    number = {7},
    pages = {1877--1884},
    volume = {E99.D},
    url = {https://www.jstage.jst.go.jp/article/transinf/E99.D/7/E99.D_2015EDP7457/_article},
    doi = {10.1587/transinf.2015EDP7457},
    issn = {0916-8532}
}